\chapter{Список литературы}
@article{MagnLoops,
	author = "Honghui, D. and Xuzhao, W. and Chao, Z. 
	        and Ruisi, H. and Limin, J. and Yong, Q.",
	title = "Improved Robust Vehicle Detection and 
		     Identification Based on Single
		     Magnetic Sensor",
	journal = "IEEE Access",
	volume = "6",
	year = "2018",
	langid = "english"
}

@conference{AcousticCh,
	author = "Na, Y. and Guo, Y. and Fu, Q.",
	title = "An Acoustic Traffic Monitoring System: Design and Implementation ", 
	booktitle = "UIC-ATC-ScalCom-CBDCom-IoP",
	year = "2015",
	pages = "119--126"
}

@conference{AcousticFl,
	author = "Barbagli, B. and Manes, G. and Facchin, R.",
	title = "Acoustic Sensor Network for Vehicle Traffic Monitoring",
	booktitle = "The First International Conference on Advances in Vehicular Systems, Technologies and Applications",
	year = "2012",
}

@conference{FastRamp,
	author = "Hyun, E. and Jin, Y.-S. and Ju, Y. and Lee J.-H.",
	title = "Development of short-range ground surveillance radar for moving target detection",
	booktitle = "IEEE 5th Asia-Pacific Conference on Synthetic Aperture Radar (APSAR)",
	year = "2015",
	pages = "692--695"
}

@conference{slowslope2,
	author = "Hyun, E. and Oh, Woojin and Lee, J.-H.",
	title = "Two-step Moving Target Detection Algorithm for Automotive 77 GHz FNCW Radar",
	booktitle = "IEEE 72nd Vehicular Technology Conference - Fall",
	year = "2010"
}

@book{RadarDesign,
	author = "Jankiraman, M.",
	title = "FMCW Radar Design",
	publisher = "Artech House",
	year = "2018"
}

@conference{ramps,
	author = "Reiher, M. and Yang, B.",
	title = "On the occurrence of ghost targets in linear FMCW radar: A worst case study",
	booktitle = "International Radar Symposium",
	year = "2008"
}

@inproceedings{2D-FFT,
	author = {Wojtkiewicz, Andrzej and Misiurewicz, Jacek and Nałęcz, Marek and Jedrzejewski, Konrad and Kulpa, Krzysztof},
	year = {1997},
	month = {10},
	pages = {},
	title = {Two-dimensional Signal Processing in FMCW Radars}
}

@inproceedings{LinearFSK,
	author = "M.-M. Meinecke and H. Rohling",
	title = "Combination of LFMCW and FSK modulation principles for automotive radar systems",
	booktitle = "German Radar Symposium GRS2000",
	year = "2000",
	month = "october",
}
